@article{Friston2025,
  title={A beautiful loop: An active inference theory of consciousness},
  author={Laukkonen, Ruben and Friston, Karl and Chandaria, Shamil},
  journal={Neuroscience of Consciousness},
  volume={2025},
  number={1},
  pages={niad029},
  year={2025},
  publisher={Oxford University Press},
  doi={10.1093/nc/niad029}
}

@article{Clark2013,
  title={Whatever next? Predictive brains, situated agents, and the future of cognitive science},
  author={Clark, Andy},
  journal={Behavioral and Brain Sciences},
  volume={36},
  number={3},
  pages={181--204},
  year={2013},
  publisher={Cambridge University Press},
  doi={10.1017/S0140525X12000477}
}

@article{Tononi2008,
  title={Consciousness as integrated information: a provisional manifesto},
  author={Tononi, Giulio},
  journal={The Biological Bulletin},
  volume={215},
  number={3},
  pages={216--242},
  year={2008},
  publisher={University of Chicago Press},
  doi={10.2307/25470707}
}

@article{Dehaene2011,
  title={Experimental and theoretical approaches to conscious processing},
  author={Dehaene, Stanislas and Changeux, Jean-Pierre},
  journal={Neuron},
  volume={70},
  number={2},
  pages={200--227},
  year={2011},
  publisher={Elsevier},
  doi={10.1016/j.neuron.2011.03.018}
}

@article{Seth2022,
  title={Theories of consciousness},
  author={Seth, Anil K and Bayne, Tim},
  journal={Nature Reviews Neuroscience},
  volume={23},
  number={7},
  pages={439--452},
  year={2022},
  publisher={Nature Publishing Group},
  doi={10.1038/s41583-022-00587-4}
} 